@PREAMBLE{ {\providecommand{\noopsort}[1]{}} }

@misc{Autotools,
  title="Using {GNU} {Autotools}",
  author="Alexandre Duret-Lutz",
  note="Online \url{http://www.lrde.epita.fr/~adl/dl/autotools.pdf}.",
}

@Article{Bloom:Space,
  author =      "Burton H. Bloom",
  title =       "Space\slash Time Trade-offs in Hash Coding with
                 Allowable Errors",
  journal =     "Communications of the ACM",
  volume =      "13",
  number =      "7",
  pages =       "422--426",
  month =       jul,
  year =        "1970",
}

@misc{BuDDy,
  title="{BuDDy}: A {BDD} package",
  author="J{\o}rn Lind-Nielsen",
  note="Online \url{http://buddy.sourceforge.net/manual/main.html}.",
}

@misc{CHISE,
  title="{CHISE} Project",
  note="Online \url{http://www.chise.org/}.",
}

@misc{CJKVI,
  title="{IDS} data for {CJK} {Unified} {Ideographs}",
  author="Taichi Kawabata",
  note="Online {\url{https://github.com/cjkvi/cjkvi-ids}}.",
}

@misc{EDICT2,
  title="The {EDICT} Dictionary File",
  author="Jim Breen",
  note="Online \url{http://www.csse.monash.edu.au/~jwb/edict.html}.",
}

@misc{GlyphWiki,
  title="{GlyphWiki}",
  note="Online \url{http://en.glyphwiki.org/wiki/GlyphWiki:MainPage}.",
}

@misc{grep,
  title="{GNU} {Grep} 2.9",
  author="{Free Software Foundation}",
  note="Online \url{http://www.gnu.org/software/grep/manual/grep.html}.",
}

@misc{KanjiVG,
  title="{KanjiVG}",
  author="Ulrich Apel",
  note="Online \url{http://kanjivg.tagaini.net/}.",
}

@misc{Kiten,
  title="{The} {Kiten} {Handbook}, revision 1.2",
  author="Jason Katz-Brown",
  note="Online \url{http://docs.kde.org/development/en/kdeedu/kiten/index.html}.",
}

@misc{PCRE,
  title="PCRE---{Perl} Compatible Regular Expressions",
  author="Philip Hazel",
  note="Online \url{http://www.pcre.org/}.",
}

@misc{Postel:TCP,
  author="Jon Postel",
  title="{Transmission Control Protocol}",
  series="Request for Comments",
  number="793",
  howpublished="RFC 793 (Standard)",
  publisher="IETF",
  organization="Internet Engineering Task Force",
  year=1981,
  month=sep,
  note="Online \url{http://www.ietf.org/rfc/rfc793.txt}.",
}

@inproceedings{Skala:Approximate,
  author =      "Matthew Skala and Gerald Penn",
  title =       "Approximate Bit Vectors for Fast Unification",
  booktitle =   "The Mathematics of Language: 12th Biennial Conference
                 {(MOL 12)},
                 Nara, Japan,
                 September 6--8, 2011",
  year =        "2011",
  series =      "Lecture Notes in Artificial Intelligence",
  publisher =   "Springer",
  volume =      "6878",
  pages =       "158--173",
}


@inproceedings{Skala:Generalized,
   author =     "Matthew Skala and Victoria Krakovna and J{\'a}nos Kram{\'a}r
                 and Gerald Penn",
  title =       "A Generalized-Zero-Preserving Method for Compact Encoding
                 of Concept Lattices",
  booktitle =   "48th Annual Meeting of the Association for Computational
                 Linguistics {(ACL 2010)},
                 Uppsala, Sweden,
                 July 11--16, 2010",
  year =        "2010",
  publisher =   "Association for Computational Linguistics",
  pages =       "1512--1521",
  url =         "http://www.aclweb.org/anthology/P10-1153",
}

@misc{TsukuGithub,
  title="{Tsukurimashou} {Github} repository",
  author="Matthew Skala",
  note="Online \url{http://github.com/mskala/Tsukurimashou}",
}

@misc{Tsukurimashou,
  title="{Tsukurimashou} {Font} {Family} and {IDSgrep}",
  author="Matthew Skala",
  note="Online \url{http://tsukurimashou.sourceforge.jp/}",
}

@incollection{Unicode:IDS,
  author="{Unicode Consortium}",
  title="Ideographic Description Characters",
  chapter="12.2",
  type="section",
  booktitle="The Unicode Standard, Version 6.0.0",
  publisher="The Unicode Consortium",
  address="Mountain View, USA",
  year=2011,
  note="Online \url{http://www.unicode.org/versions/Unicode6.0.0/ch12.pdf}.",
}

@techreport{Unicode:Width,
  author="{\noopsort{Lunde, Ken}}{Ken Lunde \texttt{小林劍}}",
  institution="{The Unicode Consortium}",
  title="East {A}sian Width",
  type="Standard Annex",
  number="11",
  address="Mountain View, USA",
  year=2013,
  note="Online \url{http://www.unicode.org/reports/tr11/}.",
}

@InProceedings{Valgrind,
  title =	"Using {Valgrind} to Detect Undefined Value Errors with
		 Bit-Precision",
  author =	"Julian Seward and Nicholas Nethercote",
  publisher =	"USENIX",
  year = 	"2005",
  booktitle =	"USENIX Annual Technical Conference, General Track",
  pages =	"17--30",
}

@article{UTF2000,
  title = "{\texttt{UTF-2000 プ\linebreak[0]ロ\linebreak[0]ジェ\linebreak[0]クト} [The UTF-2000 Project]}",
  author = "{\noopsort{Morioka, Tomohiko}}{\texttt{守岡\linebreak[0]知彦} [Morioka Tomohiko]}",
  journal = "{\texttt{漢字\linebreak[0]と\linebreak[0]情報} [Kanji and Information]}",
  number = 2,
  pages = "4--6",
  year = 2001,
  month = mar,
  note = "In Japanese.  Online \url{http://www.kanji.zinbun.kyoto-u.ac.jp/publications/kanji-and-info-2.pdf}."
}

@misc{WWWJDIC,
  title="{WWWJDIC: Online Japanese Dictionary Service}",
  author="Jim Breen",
  institution="Monash University",
  note="Online \url{http://www.csse.monash.edu.au/~jwb/cgi-bin/wwwjdic.cgi}.",
}

@misc{XEmacs,
  title="{XEmacs: The next generation of Emacs}",
  author="Ben Wing and others",
  note="Online \url{http://www.xemacs.org/}.",
}
